%# -*- coding: utf-8-unix -*-

@article{bernstein2014containers,
  title={Containers and cloud: From lxc to docker to kubernetes},
  author={Bernstein, David},
  journal={IEEE Cloud Computing},
  volume={1},
  number={3},
  pages={81--84},
  year={2014},
  publisher={IEEE}
}

@inproceedings{ghodsi2011dominant,
  title={Dominant Resource Fairness: Fair Allocation of Multiple Resource Types.},
  author={Ghodsi, Ali and Zaharia, Matei and Hindman, Benjamin and Konwinski, Andy and Shenker, Scott and Stoica, Ion},
  booktitle={NSDI},
  volume={11},
  number={2011},
  pages={24--24},
  year={2011}
}

@book{beyer2016site,
  title={Site Reliability Engineering: How Google Runs Production Systems},
  author={Beyer, Betsy and Jones, Chris and Petoff, Jennifer and Murphy, Niall Richard},
  year={2016},
  publisher={" O'Reilly Media, Inc."}
}

@inproceedings{verma2015large,
  title={Large-scale cluster management at Google with Borg},
  author={Verma, Abhishek and Pedrosa, Luis and Korupolu, Madhukar and Oppenheimer, David and Tune, Eric and Wilkes, John},
  booktitle={Proceedings of the Tenth European Conference on Computer Systems},
  pages={18},
  year={2015},
  organization={ACM}
}

@article{zhang2010cloud,
  title={Cloud computing: state-of-the-art and research challenges},
  author={Zhang, Qi and Cheng, Lu and Boutaba, Raouf},
  journal={Journal of internet services and applications},
  volume={1},
  number={1},
  pages={7--18},
  year={2010},
  publisher={Springer}
}

@article{merkel2014docker,
  title={Docker: lightweight linux containers for consistent development and deployment},
  author={Merkel, Dirk},
  journal={Linux Journal},
  volume={2014},
  number={239},
  pages={2},
  year={2014},
  publisher={Belltown Media}
}

@inproceedings{soltesz2007container,
  title={Container-based operating system virtualization: a scalable, high-performance alternative to hypervisors},
  author={Soltesz, Stephen and P{\"o}tzl, Herbert and Fiuczynski, Marc E and Bavier, Andy and Peterson, Larry},
  booktitle={ACM SIGOPS Operating Systems Review},
  volume={41},
  number={3},
  pages={275--287},
  year={2007},
  organization={ACM}
}

@inproceedings{harter2016slacker,
  title={Slacker: Fast Distribution with Lazy Docker Containers.},
  author={Harter, Tyler and Salmon, Brandon and Liu, Rose and Arpaci-Dusseau, Andrea C and Arpaci-Dusseau, Remzi H},
  booktitle={FAST},
  pages={181--195},
  year={2016}
}

@inproceedings{gog2016firmament,
  title={Firmament: fast, centralized cluster scheduling at scale},
  author={Gog, Ionel and Schwarzkopf, Malte and Gleave, Adam and Watson, Robert NM and Hand, Steven},
  booktitle={Proceedings of OSDIâ€™16: 12th USENIX Symposium on Operating Systems Design and Implementation},
  pages={99},
  year={2016}
}

@inproceedings{kaewkasi2017improvement,
  title={Improvement of container scheduling for Docker using Ant Colony Optimization},
  author={Kaewkasi, Chanwit and Chuenmuneewong, Kornrathak},
  booktitle={Knowledge and Smart Technology (KST), 2017 9th International Conference on},
  pages={254--259},
  year={2017},
  organization={IEEE}
}

@inproceedings{li2014let,
  title={Let's stay together: Towards traffic aware virtual machine placement in data centers},
  author={Li, Xin and Wu, Jie and Tang, Shaojie and Lu, Sanglu},
  booktitle={INFOCOM, 2014 Proceedings IEEE},
  pages={1842--1850},
  year={2014},
  organization={IEEE}
}

@inproceedings{jin2012efficient,
  title={Efficient VM placement with multiple deterministic and stochastic resources in data centers},
  author={Jin, Hao and Pan, Deng and Xu, Jing and Pissinou, Niki},
  booktitle={Global Communications Conference (GLOBECOM), 2012 IEEE},
  pages={2505--2510},
  year={2012},
  organization={IEEE}
}

@inproceedings{sun2016aers,
  title={AERS: An Autonomic and Elastic Resource Scheduling Framework for Cloud Applications},
  author={Sun, Jianyun and Chen, Haopeng and Yin, Zhida},
  booktitle={Services Computing (SCC), 2016 IEEE International Conference on},
  pages={66--73},
  year={2016},
  organization={IEEE}
}

@inproceedings{peng2012vdn,
  title={VDN: Virtual machine image distribution network for cloud data centers},
  author={Peng, Chunyi and Kim, Minkyong and Zhang, Zhe and Lei, Hui},
  booktitle={INFOCOM, 2012 Proceedings IEEE},
  pages={181--189},
  year={2012},
  organization={IEEE}
}

@article{armbrust2010view,
  title={A view of cloud computing},
  author={Armbrust, Michael and Fox, Armando and Griffith, Rean and Joseph, Anthony D and Katz, Randy and Konwinski, Andy and Lee, Gunho and Patterson, David and Rabkin, Ariel and Stoica, Ion and others},
  journal={Communications of the ACM},
  volume={53},
  number={4},
  pages={50--58},
  year={2010},
  publisher={ACM}
}

@inproceedings{barham2003xen,
  title={Xen and the art of virtualization},
  author={Barham, Paul and Dragovic, Boris and Fraser, Keir and Hand, Steven and Harris, Tim and Ho, Alex and Neugebauer, Rolf and Pratt, Ian and Warfield, Andrew},
  booktitle={ACM SIGOPS operating systems review},
  volume={37},
  number={5},
  pages={164--177},
  year={2003},
  organization={ACM}
}

@inproceedings{kivity2007kvm,
  title={kvm: the Linux virtual machine monitor},
  author={Kivity, Avi and Kamay, Yaniv and Laor, Dor and Lublin, Uri and Liguori, Anthony},
  booktitle={Proceedings of the Linux symposium},
  volume={1},
  pages={225--230},
  year={2007}
}

@article{sefraoui2012openstack,
  title={OpenStack: toward an open-source solution for cloud computing},
  author={Sefraoui, Omar and Aissaoui, Mohammed and Eleuldj, Mohsine},
  journal={International Journal of Computer Applications},
  volume={55},
  number={3},
  year={2012},
  publisher={Foundation of Computer Science}
}

@book{buyya2010cloud,
  title={Cloud computing: Principles and paradigms},
  author={Buyya, Rajkumar and Broberg, James and Goscinski, Andrzej M},
  volume={87},
  year={2010},
  publisher={John Wiley \& Sons}
}

@article{patel2009service,
  title={Service level agreement in cloud computing},
  author={Patel, Pankesh and Ranabahu, Ajith H and Sheth, Amit P},
  year={2009}
}